<?xml version="1.0" encoding="UTF-8"?>
  <record xmlns="http://www.loc.gov/MARC21/slim" type="Authority">
    <leader>00000nz  a2200000nc 4500</leader>
    <controlfield tag="001">118628755</controlfield>
    <controlfield tag="003">DE-101</controlfield>
    <controlfield tag="005">20220721175607.0</controlfield>
    <controlfield tag="008">880701n||azznnaabn           | aaa    |c</controlfield>
    <datafield tag="024" ind1="7" ind2=" ">
      <subfield code="a">118628755</subfield>
      <subfield code="0">http://d-nb.info/gnd/118628755</subfield>
      <subfield code="2">gnd</subfield>
    </datafield>
    <datafield tag="035" ind1=" " ind2=" ">
      <subfield code="a">(DE-101)118628755</subfield>
    </datafield>
    <datafield tag="035" ind1=" " ind2=" ">
      <subfield code="a">(DE-588)118628755</subfield>
    </datafield>
    <datafield tag="035" ind1=" " ind2=" ">
      <subfield code="z">(DE-588a)118628755</subfield>
      <subfield code="9">v:zg</subfield>
    </datafield>
    <datafield tag="035" ind1=" " ind2=" ">
      <subfield code="z">(DE-588c)4064453-4</subfield>
      <subfield code="9">v:zg</subfield>
    </datafield>
    <datafield tag="040" ind1=" " ind2=" ">
      <subfield code="a">DE-101</subfield>
      <subfield code="c">DE-101</subfield>
      <subfield code="9">r:DE-101</subfield>
      <subfield code="b">ger</subfield>
      <subfield code="d">9999</subfield>
      <subfield code="e">rda</subfield>
    </datafield>
    <datafield tag="042" ind1=" " ind2=" ">
      <subfield code="a">gnd1</subfield>
    </datafield>
    <datafield tag="043" ind1=" " ind2=" ">
      <subfield code="c">XA-DE</subfield>
      <subfield code="c">XA-CZ</subfield>
    </datafield>
    <datafield tag="065" ind1=" " ind2=" ">
      <subfield code="a">16.5p</subfield>
      <subfield code="2">sswd</subfield>
    </datafield>
    <datafield tag="065" ind1=" " ind2=" ">
      <subfield code="a">8.4p</subfield>
      <subfield code="2">sswd</subfield>
    </datafield>
    <datafield tag="075" ind1=" " ind2=" ">
      <subfield code="b">p</subfield>
      <subfield code="2">gndgen</subfield>
    </datafield>
    <datafield tag="075" ind1=" " ind2=" ">
      <subfield code="b">piz</subfield>
      <subfield code="2">gndspec</subfield>
    </datafield>
    <datafield tag="079" ind1=" " ind2=" ">
      <subfield code="a">g</subfield>
      <subfield code="q">s</subfield>
      <subfield code="q">a</subfield>
      <subfield code="q">f</subfield>
      <subfield code="q">z</subfield>
      <subfield code="u">w</subfield>
      <subfield code="u">k</subfield>
      <subfield code="u">v</subfield>
      <subfield code="u">o</subfield>
    </datafield>
    <datafield tag="100" ind1="0" ind2=" ">
      <subfield code="a">Albrecht</subfield>
      <subfield code="c">Friedland, Herzog</subfield>
      <subfield code="d">1583-1634</subfield>
    </datafield>
    <datafield tag="375" ind1=" " ind2=" ">
      <subfield code="a">1</subfield>
      <subfield code="2">iso5218</subfield>
    </datafield>
    <datafield tag="400" ind1="0" ind2=" ">
      <subfield code="a">Wallenstein</subfield>
      <subfield code="d">1583-1634</subfield>
    </datafield>
    <datafield tag="400" ind1="1" ind2=" ">
      <subfield code="a">Waldstein, Albrecht Wenzel Eusebius &#152;von&#156;</subfield>
      <subfield code="d">1583-1634</subfield>
    </datafield>
    <datafield tag="400" ind1="0" ind2=" ">
      <subfield code="a">Albrecht</subfield>
      <subfield code="c">Mecklenburg, Herzog, 1583-1634</subfield>
      <subfield code="d">1583-1634</subfield>
    </datafield>
    <datafield tag="400" ind1="0" ind2=" ">
      <subfield code="a">Albrecht</subfield>
      <subfield code="b">VIII.</subfield>
      <subfield code="c">Mecklenburg, Herzog</subfield>
      <subfield code="d">1583-1634</subfield>
    </datafield>
    <datafield tag="400" ind1="0" ind2=" ">
      <subfield code="a">Albrecht</subfield>
      <subfield code="c">Mecklenburg, Herzog</subfield>
      <subfield code="d">1583-1634</subfield>
    </datafield>
    <datafield tag="400" ind1="0" ind2=" ">
      <subfield code="a">Albrecht</subfield>
      <subfield code="c">Mechelnburg, Herzog</subfield>
      <subfield code="d">1583-1634</subfield>
    </datafield>
    <datafield tag="400" ind1="0" ind2=" ">
      <subfield code="a">Albrecht</subfield>
      <subfield code="c">Friedland, Hertzog</subfield>
      <subfield code="d">1583-1634</subfield>
    </datafield>
    <datafield tag="400" ind1="0" ind2=" ">
      <subfield code="a">Albrecht</subfield>
      <subfield code="c">Friedlandt, Hertzog</subfield>
      <subfield code="d">1583-1634</subfield>
    </datafield>
    <datafield tag="400" ind1="0" ind2=" ">
      <subfield code="a">Albrecht</subfield>
      <subfield code="c">Fridland, Hertzog</subfield>
      <subfield code="d">1583-1634</subfield>
    </datafield>
    <datafield tag="400" ind1="0" ind2=" ">
      <subfield code="a">Albertus</subfield>
      <subfield code="c">Fridlandia, Dux</subfield>
      <subfield code="d">1583-1634</subfield>
    </datafield>
    <datafield tag="400" ind1="0" ind2=" ">
      <subfield code="a">Albertus</subfield>
      <subfield code="c">Friedlandia, Dux</subfield>
      <subfield code="d">1583-1634</subfield>
    </datafield>
    <datafield tag="400" ind1="0" ind2=" ">
      <subfield code="a">Albertus</subfield>
      <subfield code="c">Saganum, Dux</subfield>
      <subfield code="d">1583-1634</subfield>
    </datafield>
    <datafield tag="400" ind1="0" ind2=" ">
      <subfield code="a">Albrecht</subfield>
      <subfield code="c">z Valdštejna</subfield>
      <subfield code="d">1583-1634</subfield>
    </datafield>
    <datafield tag="400" ind1="1" ind2=" ">
      <subfield code="a">Wallenstein, Albrecht &#152;von&#156;</subfield>
      <subfield code="d">1583-1634</subfield>
    </datafield>
    <datafield tag="400" ind1="1" ind2=" ">
      <subfield code="a">Wallenstein, Albrecht</subfield>
      <subfield code="d">1583-1634</subfield>
    </datafield>
    <datafield tag="400" ind1="1" ind2=" ">
      <subfield code="a">Wallenstain, Albrecht &#152;von&#156;</subfield>
      <subfield code="d">1583-1634</subfield>
    </datafield>
    <datafield tag="400" ind1="1" ind2=" ">
      <subfield code="a">Wallenstain, Albrecht</subfield>
      <subfield code="d">1583-1634</subfield>
    </datafield>
    <datafield tag="400" ind1="1" ind2=" ">
      <subfield code="a">Wallenstein, Albrecht Wenzel Eusebius &#152;von&#156;</subfield>
      <subfield code="d">1583-1634</subfield>
    </datafield>
    <datafield tag="400" ind1="1" ind2=" ">
      <subfield code="a">Wallenstein, Albrecht Wenzel Eusebius</subfield>
      <subfield code="d">1583-1634</subfield>
    </datafield>
    <datafield tag="400" ind1="1" ind2=" ">
      <subfield code="a">Wallenstein, Albrecht W. E. &#152;von&#156;</subfield>
      <subfield code="d">1583-1634</subfield>
    </datafield>
    <datafield tag="400" ind1="1" ind2=" ">
      <subfield code="a">Wallenstein, Albrecht W. E.</subfield>
      <subfield code="d">1583-1634</subfield>
    </datafield>
    <datafield tag="400" ind1="1" ind2=" ">
      <subfield code="a">Wallenstein, Albrecht Wenzel &#152;von&#156;</subfield>
      <subfield code="d">1583-1634</subfield>
    </datafield>
    <datafield tag="400" ind1="1" ind2=" ">
      <subfield code="a">Wallenstein, Albrecht Wenzel</subfield>
      <subfield code="d">1583-1634</subfield>
    </datafield>
    <datafield tag="400" ind1="1" ind2=" ">
      <subfield code="a">Wallenstein, Albert</subfield>
      <subfield code="d">1583-1634</subfield>
    </datafield>
    <datafield tag="400" ind1="1" ind2=" ">
      <subfield code="a">Wallenstein, ...</subfield>
      <subfield code="d">1583-1634</subfield>
    </datafield>
    <datafield tag="400" ind1="1" ind2=" ">
      <subfield code="a">Wallnstein, ...</subfield>
      <subfield code="d">1583-1634</subfield>
    </datafield>
    <datafield tag="400" ind1="1" ind2=" ">
      <subfield code="a">Walnstein, ...</subfield>
      <subfield code="d">1583-1634</subfield>
    </datafield>
    <datafield tag="400" ind1="1" ind2=" ">
      <subfield code="a">Wallensteinius, Albertus</subfield>
      <subfield code="d">1583-1634</subfield>
    </datafield>
    <datafield tag="400" ind1="0" ind2=" ">
      <subfield code="a">Wallstein</subfield>
      <subfield code="d">1583-1634</subfield>
    </datafield>
    <datafield tag="400" ind1="1" ind2=" ">
      <subfield code="a">Wallstein, Albert</subfield>
      <subfield code="d">1583-1634</subfield>
    </datafield>
    <datafield tag="400" ind1="1" ind2=" ">
      <subfield code="a">Wallstein, Albertus</subfield>
      <subfield code="d">1583-1634</subfield>
    </datafield>
    <datafield tag="400" ind1="1" ind2=" ">
      <subfield code="a">Wallstein, ...</subfield>
      <subfield code="d">1583-1634</subfield>
    </datafield>
    <datafield tag="400" ind1="0" ind2=" ">
      <subfield code="a">Albrecht von Waldstein</subfield>
      <subfield code="d">1583-1634</subfield>
    </datafield>
    <datafield tag="400" ind1="1" ind2=" ">
      <subfield code="a">Waldstein, Albrecht &#152;von&#156;</subfield>
      <subfield code="d">1583-1634</subfield>
    </datafield>
    <datafield tag="400" ind1="1" ind2=" ">
      <subfield code="a">Waldstein, Albrecht</subfield>
      <subfield code="d">1583-1634</subfield>
    </datafield>
    <datafield tag="400" ind1="1" ind2=" ">
      <subfield code="a">Waldstein, Albrecht Wenzel Eusebius</subfield>
      <subfield code="d">1583-1634</subfield>
    </datafield>
    <datafield tag="400" ind1="1" ind2=" ">
      <subfield code="a">Waldsteinius, Albertus</subfield>
      <subfield code="d">1583-1634</subfield>
    </datafield>
    <datafield tag="400" ind1="1" ind2=" ">
      <subfield code="a">Walstainius, ...</subfield>
      <subfield code="d">1583-1634</subfield>
    </datafield>
    <datafield tag="400" ind1="1" ind2=" ">
      <subfield code="a">Valstain, Albrecht &#152;von&#156;</subfield>
      <subfield code="d">1583-1634</subfield>
    </datafield>
    <datafield tag="400" ind1="1" ind2=" ">
      <subfield code="a">Valstein, Albrecht &#152;von&#156;</subfield>
      <subfield code="d">1583-1634</subfield>
    </datafield>
    <datafield tag="400" ind1="1" ind2=" ">
      <subfield code="a">Volestain, ...</subfield>
      <subfield code="d">1583-1634</subfield>
    </datafield>
    <datafield tag="400" ind1="1" ind2=" ">
      <subfield code="a">Valdštejn, Albrecht &#152;z&#156;</subfield>
      <subfield code="d">1583-1634</subfield>
    </datafield>
    <datafield tag="400" ind1="1" ind2=" ">
      <subfield code="a">Valdštejna, Albrecht &#152;z&#156;</subfield>
      <subfield code="d">1583-1634</subfield>
    </datafield>
    <datafield tag="400" ind1="1" ind2=" ">
      <subfield code="a">z Valdštejna, Albrecht</subfield>
      <subfield code="d">1583-1634</subfield>
    </datafield>
    <datafield tag="400" ind1="1" ind2=" ">
      <subfield code="a">Valdštejn, Albrecht Václav Eusebius</subfield>
      <subfield code="d">1583-1634</subfield>
    </datafield>
    <datafield tag="400" ind1="1" ind2=" ">
      <subfield code="a">Valdštejn, Albrecht Wenzel Eusebius</subfield>
      <subfield code="d">1583-1634</subfield>
    </datafield>
    <datafield tag="400" ind1="1" ind2=" ">
      <subfield code="a">Valdštejn, Albrecht W. E.</subfield>
      <subfield code="d">1583-1634</subfield>
    </datafield>
    <datafield tag="400" ind1="1" ind2=" ">
      <subfield code="a">Valdštejn, Václav Eusebius</subfield>
      <subfield code="d">1583-1634</subfield>
    </datafield>
    <datafield tag="400" ind1="1" ind2=" ">
      <subfield code="a">Valdštyn, Albrecht Václav Eusebius</subfield>
      <subfield code="d">1583-1634</subfield>
    </datafield>
    <datafield tag="400" ind1="1" ind2=" ">
      <subfield code="a">Valdštyn, Albrecht Wenzel Eusebius</subfield>
      <subfield code="d">1583-1634</subfield>
    </datafield>
    <datafield tag="400" ind1="1" ind2=" ">
      <subfield code="a">Valdštyn, Albrecht W. E.</subfield>
      <subfield code="d">1583-1634</subfield>
    </datafield>
    <datafield tag="400" ind1="1" ind2=" ">
      <subfield code="a">Valdštyn, Václav Eusebius</subfield>
      <subfield code="d">1583-1634</subfield>
    </datafield>
    <datafield tag="400" ind1="1" ind2=" ">
      <subfield code="a">Friedland, Albrecht &#152;von&#156;</subfield>
      <subfield code="d">1583-1634</subfield>
    </datafield>
    <datafield tag="400" ind1="1" ind2=" ">
      <subfield code="a">Friedlandt, Albrecht &#152;von&#156;</subfield>
      <subfield code="d">1583-1634</subfield>
    </datafield>
    <datafield tag="400" ind1="1" ind2=" ">
      <subfield code="a">Fridlandus, Albertus</subfield>
      <subfield code="d">1583-1634</subfield>
    </datafield>
    <datafield tag="400" ind1="1" ind2=" ">
      <subfield code="a">Friedland, ... &#152;von&#156;</subfield>
      <subfield code="d">1583-1634</subfield>
    </datafield>
    <datafield tag="400" ind1="1" ind2=" ">
      <subfield code="a">Friedlandt, ... &#152;zu&#156;</subfield>
      <subfield code="d">1583-1634</subfield>
    </datafield>
    <datafield tag="400" ind1="0" ind2=" ">
      <subfield code="a">Albrecht der Friedländer</subfield>
      <subfield code="d">1583-1634</subfield>
    </datafield>
    <datafield tag="400" ind1="1" ind2=" ">
      <subfield code="a">Wolestahim, ... &#152;di&#156;</subfield>
      <subfield code="d">1583-1634</subfield>
    </datafield>
    <datafield tag="400" ind1="1" ind2=" ">
      <subfield code="a">Wallenstein, Albrecht &#152;von&#156;</subfield>
      <subfield code="c">Feldherr, Deutschland</subfield>
      <subfield code="d">1583-1634</subfield>
    </datafield>
    <datafield tag="400" ind1="1" ind2=" ">
      <subfield code="9">L:fre</subfield>
      <subfield code="a">Wallenstein, Albrecht &#152;von&#156;</subfield>
      <subfield code="c">Chef militaire, Allemagne</subfield>
      <subfield code="d">1583-1634</subfield>
      <subfield code="5">CH-GND</subfield>
    </datafield>
    <datafield tag="400" ind1="1" ind2=" ">
      <subfield code="9">L:eng</subfield>
      <subfield code="a">Wallenstein, Albrecht &#152;von&#156;</subfield>
      <subfield code="c">Military leader, Germany</subfield>
      <subfield code="d">1583-1634</subfield>
      <subfield code="5">CH-GND</subfield>
    </datafield>
    <datafield tag="400" ind1="1" ind2=" ">
      <subfield code="a">Von Wallenstein, Albrecht</subfield>
      <subfield code="c">Feldherr, Deutschland</subfield>
      <subfield code="d">1583-1634</subfield>
    </datafield>
    <datafield tag="400" ind1="1" ind2=" ">
      <subfield code="a">Von Wallenstein, Albrecht</subfield>
      <subfield code="c">Chef militaire, Allemagne</subfield>
      <subfield code="d">1583-1634</subfield>
    </datafield>
    <datafield tag="400" ind1="1" ind2=" ">
      <subfield code="a">Von Wallenstein, Albrecht</subfield>
      <subfield code="c">Military leader, Germany</subfield>
      <subfield code="d">1583-1634</subfield>
    </datafield>
    <datafield tag="400" ind1="1" ind2=" ">
      <subfield code="a">Wallenstein, Albrecht Wenzel Eusebius &#152;von&#156;</subfield>
      <subfield code="c">Feldherr, Deutschland</subfield>
      <subfield code="d">1583-1634</subfield>
    </datafield>
    <datafield tag="400" ind1="1" ind2=" ">
      <subfield code="a">Wallenstein, Albrecht Wenzel Eusebius &#152;von&#156;</subfield>
      <subfield code="c">Chef militaire, Allemagne</subfield>
      <subfield code="d">1583-1634</subfield>
    </datafield>
    <datafield tag="400" ind1="1" ind2=" ">
      <subfield code="a">Wallenstein, Albrecht Wenzel Eusebius &#152;von&#156;</subfield>
      <subfield code="c">Military leader, Germany</subfield>
      <subfield code="d">1583-1634</subfield>
    </datafield>
    <datafield tag="400" ind1="1" ind2=" ">
      <subfield code="a">Walstein, Albrecht Wenzel Eusebius &#152;von&#156;</subfield>
      <subfield code="c">Feldherr, Deutschland</subfield>
      <subfield code="d">1583-1634</subfield>
    </datafield>
    <datafield tag="400" ind1="1" ind2=" ">
      <subfield code="a">Walstein, Albrecht Wenzel Eusebius &#152;von&#156;</subfield>
      <subfield code="c">Chef militaire, Allemagne</subfield>
      <subfield code="d">1583-1634</subfield>
    </datafield>
    <datafield tag="400" ind1="1" ind2=" ">
      <subfield code="a">Walstein, Albrecht Wenzel Eusebius &#152;von&#156;</subfield>
      <subfield code="c">Military leader, Germany</subfield>
      <subfield code="d">1583-1634</subfield>
    </datafield>
    <datafield tag="400" ind1="1" ind2=" ">
      <subfield code="a">Walsteyn, Albrecht Wenzel Eusebius &#152;von&#156;</subfield>
      <subfield code="c">Feldherr, Deutschland</subfield>
      <subfield code="d">1583-1634</subfield>
    </datafield>
    <datafield tag="400" ind1="1" ind2=" ">
      <subfield code="a">Walsteyn, Albrecht Wenzel Eusebius &#152;von&#156;</subfield>
      <subfield code="c">Chef militaire, Allemagne</subfield>
      <subfield code="d">1583-1634</subfield>
    </datafield>
    <datafield tag="400" ind1="1" ind2=" ">
      <subfield code="a">Walsteyn, Albrecht Wenzel Eusebius &#152;von&#156;</subfield>
      <subfield code="c">Military leader, Germany</subfield>
      <subfield code="d">1583-1634</subfield>
    </datafield>
    <datafield tag="400" ind1="1" ind2=" ">
      <subfield code="a">Waldstein, Albrecht Wenzel Eusebius &#152;von&#156;</subfield>
      <subfield code="c">Feldherr, Deutschland</subfield>
      <subfield code="d">1583-1634</subfield>
    </datafield>
    <datafield tag="400" ind1="1" ind2=" ">
      <subfield code="a">Waldstein, Albrecht Wenzel Eusebius &#152;von&#156;</subfield>
      <subfield code="c">Chef militaire, Allemagne</subfield>
      <subfield code="d">1583-1634</subfield>
    </datafield>
    <datafield tag="400" ind1="1" ind2=" ">
      <subfield code="a">Waldstein, Albrecht Wenzel Eusebius &#152;von&#156;</subfield>
      <subfield code="c">Military leader, Germany</subfield>
      <subfield code="d">1583-1634</subfield>
    </datafield>
    <datafield tag="400" ind1="1" ind2=" ">
      <subfield code="a">Von Walstein, Albrecht Wenzel Eusebius</subfield>
      <subfield code="c">Feldherr, Deutschland</subfield>
      <subfield code="d">1583-1634</subfield>
    </datafield>
    <datafield tag="400" ind1="1" ind2=" ">
      <subfield code="a">Von Walstein, Albrecht Wenzel Eusebius</subfield>
      <subfield code="c">Chef militaire, Allemagne</subfield>
      <subfield code="d">1583-1634</subfield>
    </datafield>
    <datafield tag="400" ind1="1" ind2=" ">
      <subfield code="a">Von Walstein, Albrecht Wenzel Eusebius</subfield>
      <subfield code="c">Military leader, Germany</subfield>
      <subfield code="d">1583-1634</subfield>
    </datafield>
    <datafield tag="400" ind1="1" ind2=" ">
      <subfield code="a">Von Walsteyn, Albrecht Wenzel Eusebius</subfield>
      <subfield code="c">Feldherr, Deutschland</subfield>
      <subfield code="d">1583-1634</subfield>
    </datafield>
    <datafield tag="400" ind1="1" ind2=" ">
      <subfield code="a">Von Walsteyn, Albrecht Wenzel Eusebius</subfield>
      <subfield code="c">Chef militaire, Allemagne</subfield>
      <subfield code="d">1583-1634</subfield>
    </datafield>
    <datafield tag="400" ind1="1" ind2=" ">
      <subfield code="a">Von Walsteyn, Albrecht Wenzel Eusebius</subfield>
      <subfield code="c">Military leader, Germany</subfield>
      <subfield code="d">1583-1634</subfield>
    </datafield>
    <datafield tag="400" ind1="1" ind2=" ">
      <subfield code="a">Von Waldstein, Albrecht Wenzel Eusebius</subfield>
      <subfield code="c">Feldherr, Deutschland</subfield>
      <subfield code="d">1583-1634</subfield>
    </datafield>
    <datafield tag="400" ind1="1" ind2=" ">
      <subfield code="a">Von Waldstein, Albrecht Wenzel Eusebius</subfield>
      <subfield code="c">Chef militaire, Allemagne</subfield>
      <subfield code="d">1583-1634</subfield>
    </datafield>
    <datafield tag="400" ind1="1" ind2=" ">
      <subfield code="a">Von Waldstein, Albrecht Wenzel Eusebius</subfield>
      <subfield code="c">Military leader, Germany</subfield>
      <subfield code="d">1583-1634</subfield>
    </datafield>
    <datafield tag="548" ind1=" " ind2=" ">
      <subfield code="a">1583-1634</subfield>
      <subfield code="4">datl</subfield>
      <subfield code="4">https://d-nb.info/standards/elementset/gnd#dateOfBirthAndDeath</subfield>
      <subfield code="w">r</subfield>
      <subfield code="i">Lebensdaten</subfield>
    </datafield>
    <datafield tag="548" ind1=" " ind2=" ">
      <subfield code="a">24.09.1583-25.02.1634</subfield>
      <subfield code="4">datx</subfield>
      <subfield code="4">https://d-nb.info/standards/elementset/gnd#dateOfBirthAndDeath</subfield>
      <subfield code="w">r</subfield>
      <subfield code="i">Exakte Lebensdaten</subfield>
    </datafield>
    <datafield tag="550" ind1=" " ind2=" ">
      <subfield code="0">(DE-101)042388767</subfield>
      <subfield code="0">(DE-588)4238876-4</subfield>
      <subfield code="0">https://d-nb.info/gnd/4238876-4</subfield>
      <subfield code="a">Feldherr</subfield>
      <subfield code="4">berc</subfield>
      <subfield code="4">https://d-nb.info/standards/elementset/gnd#professionOrOccupation</subfield>
      <subfield code="w">r</subfield>
      <subfield code="i">Charakteristischer Beruf</subfield>
    </datafield>
    <datafield tag="550" ind1=" " ind2=" ">
      <subfield code="0">(DE-101)040465179</subfield>
      <subfield code="0">(DE-588)4046517-2</subfield>
      <subfield code="0">https://d-nb.info/gnd/4046517-2</subfield>
      <subfield code="a">Politiker</subfield>
      <subfield code="4">beru</subfield>
      <subfield code="4">https://d-nb.info/standards/elementset/gnd#professionOrOccupation</subfield>
      <subfield code="w">r</subfield>
      <subfield code="i">Beruf</subfield>
    </datafield>
    <datafield tag="550" ind1=" " ind2=" ">
      <subfield code="0">(DE-101)041596765</subfield>
      <subfield code="0">(DE-588)4159676-6</subfield>
      <subfield code="0">https://d-nb.info/gnd/4159676-6</subfield>
      <subfield code="a">Herzog</subfield>
      <subfield code="4">adel</subfield>
      <subfield code="4">https://d-nb.info/standards/elementset/gnd#titleOfNobility</subfield>
      <subfield code="w">r</subfield>
      <subfield code="i">Adelstitel</subfield>
    </datafield>
    <datafield tag="551" ind1=" " ind2=" ">
      <subfield code="a">Heřmanice nad Labem</subfield>
      <subfield code="4">ortg</subfield>
      <subfield code="4">https://d-nb.info/standards/elementset/gnd#placeOfBirth</subfield>
      <subfield code="w">r</subfield>
      <subfield code="i">Geburtsort</subfield>
      <subfield code="9">v:Gem. Náchod</subfield>
    </datafield>
    <datafield tag="551" ind1=" " ind2=" ">
      <subfield code="0">(DE-101)040135977</subfield>
      <subfield code="0">(DE-588)4013597-4</subfield>
      <subfield code="0">https://d-nb.info/gnd/4013597-4</subfield>
      <subfield code="a">Eger</subfield>
      <subfield code="4">orts</subfield>
      <subfield code="4">https://d-nb.info/standards/elementset/gnd#placeOfDeath</subfield>
      <subfield code="w">r</subfield>
      <subfield code="i">Sterbeort</subfield>
    </datafield>
    <datafield tag="551" ind1=" " ind2=" ">
      <subfield code="0">(DE-101)040865495</subfield>
      <subfield code="0">(DE-588)4086549-6</subfield>
      <subfield code="0">https://d-nb.info/gnd/4086549-6</subfield>
      <subfield code="a">Herzogtum Friedland</subfield>
      <subfield code="4">ortw</subfield>
      <subfield code="4">https://d-nb.info/standards/elementset/gnd#placeOfActivity</subfield>
      <subfield code="w">r</subfield>
      <subfield code="i">Wirkungsort</subfield>
    </datafield>
    <datafield tag="667" ind1=" " ind2=" ">
      <subfield code="a">12</subfield>
    </datafield>
    <datafield tag="667" ind1=" " ind2=" ">
      <subfield code="a">384</subfield>
    </datafield>
    <datafield tag="667" ind1=" " ind2=" ">
      <subfield code="a">7</subfield>
    </datafield>
    <datafield tag="667" ind1=" " ind2=" ">
      <subfield code="a">VD-17</subfield>
    </datafield>
    <datafield tag="670" ind1=" " ind2=" ">
      <subfield code="a">ADB</subfield>
      <subfield code="u">https://de.wikisource.org/wiki/ADB:Wallenstein,_Albrecht_Graf_von</subfield>
    </datafield>
    <datafield tag="670" ind1=" " ind2=" ">
      <subfield code="a">Wikipedia</subfield>
      <subfield code="u">https://de.wikipedia.org/wiki/Wallenstein</subfield>
    </datafield>
    <datafield tag="672" ind1=" " ind2="0">
      <subfield code="a">The relation of the death of the duke of Fridland</subfield>
      <subfield code="f">1634</subfield>
    </datafield>
    <datafield tag="672" ind1=" " ind2="0">
      <subfield code="a">Ungedruckte eigenhändige vertrauliche Briefe und amtliche Sc*. - 1828 - 1829</subfield>
    </datafield>
    <datafield tag="672" ind1=" " ind2="0">
      <subfield code="a">Albrecht von Wallenstein, des Herzogs von Friedland und M*</subfield>
    </datafield>
    <datafield tag="672" ind1=" " ind2="0">
      <subfield code="a">Briefe</subfield>
      <subfield code="f">1818</subfield>
    </datafield>
    <datafield tag="672" ind1=" " ind2="0">
      <subfield code="a">Ungedruckte Briefe Albrechts von Wallenstein und Gustav Adol*</subfield>
      <subfield code="f">1830</subfield>
    </datafield>
    <datafield tag="672" ind1=" " ind2="0">
      <subfield code="a">Abtruck, Und Verzeichnuß deren Puncten, und Articuln, auff welche Ihrer Fürstl. Gnad. Her*</subfield>
      <subfield code="f">1632</subfield>
    </datafield>
    <datafield tag="678" ind1=" " ind2=" ">
      <subfield code="b">Böhm. Feldherr und Staatsmann; Herzog von Friedland und Sagan; 1628-1631 als Albrecht VIII. Herzog von Mecklenburg</subfield>
    </datafield>
    <datafield tag="680" ind1=" " ind2=" ">
      <subfield code="a">RAK 337,1</subfield>
    </datafield>
    <datafield tag="913" ind1=" " ind2=" ">
      <subfield code="S">pnd</subfield>
      <subfield code="i">5</subfield>
      <subfield code="a">Albrecht &lt;Friedland, Herzog&gt;</subfield>
      <subfield code="0">(DE-588a)118628755</subfield>
    </datafield>
  </record>
